@String{LNCS  = {Lecture Notes in Comp. Sci.}}
@String{Springer = {Springer-Verlag}}
% -----------------------------------
@Book{Aho:Ullman:1972,
 author  = {Alfred V. Aho and Jeffrey D. Ullman},
 title   = {The Theory of Parsing, Translation and Compiling,
            Vol.~I, Parsing},
 publisher = {Prentice Hall},
 year    = {1972}}
% -----------------------------------
@Phdthesis{Birman:1970,
 author  = {Alexander Birman},
 title   = {The TMG Recognition Schema},
 school  = {Princeton University},
 month   = {February},
 year    = {1970}} 
% -----------------------------------
@Article{Birman:Ullman:1973,
 author  = {Alexander Birman and Jeffrey D. Ullman},
 title   = {Parsing Algorithms with Backtrack},
 journal = {Information and Control},
 year    = {1973},
 volume  = {23},
 pages   = {1--34}}
% -----------------------------------
@Article{Brooker:Morris:1962,
 author = {P.A. Brooker and D. Morris},
 title  = {A General Translation Program 
           for Phrase Structure Languages},
 journal = JACM,
 year = {1962},
 volume = {9},
 number = {1},
 pages = {1--10}}
% -----------------------------------
@Inproceedings{Ford:2002,
 author    = {Ford, Bryan},
 title     = {Packrat Parsing: Simple, Powerful, Lazy, Linear Time},
 booktitle = {Proceedings of the Seventh ACM SIGPLAN International Conference on Functional Programming},
 year      = {2002},
 address   = {Pittsburgh, PA, USA},
 publisher = {ACM},
 pages     = {36--47},
 note      = {\newline\url{http://www.bford.info/pub/lang/packrat-icfp02.pdf}}}
 % -----------------------------------
@Inproceedings{Ford:2004,
 author  = {Bryan Ford},
 title   = {Parsing Expression Grammars: 
            A Recognition-Based Syntactic Foundation},
 booktitle = {Proceedings of the 31st ACM SIGPLAN-SIGACT Symposium on Principles
              of Programming Languages},
 editor  = {Neil D. Jones and Xavier Leroy},
 address = {Venice, Italy},
 month   = {14--16~January},
 year    = {2004},
 publisher = {ACM},
 pages    = {111--122},
 note     = {\newline\url{http://pdos.csail.mit.edu/papers/parsing:popl04.pdf}}}
% -----------------------------------
@Techreport{Grimm:2004,
 author  = {Robert Grimm},
 title   = {Practical Packrat Parsing},
 institution = {Dept. of Computer Science, New York University},
 number  = {TR2004-854},
 month   = {March},
 year    = {2004}, 
 library = {yes}}
 %url   = {\tts{http://www.cs.nyu.edu/rgrimm/papers/tr2004-854.pdf}}}
% -----------------------------------
@Book{Hopgood:1969,
 author  = {F. R. A. Hopgood},     
 title   = {Compiling Techniques},     
 publisher = {MacDonalds},     
 year    = {1969}}     
 %url    = {\newline\tx{http://www.chilton-computing.org.uk/acl/literature/books/compilingtechniques/p007.htm}}}     
% -----------------------------------
@Misc{Orlando:2010,
 author   = {Orlando Hill},
 title    = {Support for {L}eft-{R}ecursive {PEG}s},
 year     = {2010},
 note     = {\newline\url{https://github.com/orlandohill/peg-left-recursion}}}
% -----------------------------------
@Inproceedings{McClure:1965,
 author  = {R. M. McClure},
 title   = {{TMG} -- a syntax directed compiler},
 booktitle = {Proceedings of the 20th {ACM} National Conference},
 editor  = {Lewis Winner},
 year    = {1965},
 month   = {24--26~August},
 pages   = {262--274},
 location = {Cleveland, Ohio},
 publisher = {ACM}}
% -----------------------------------
@Article{Lucas:1961,
 author  = {P. Lucas},
 title   = {The Structure of Formula-Translators},
 journal = {{ALGOL} Bulletin Supplement},
 year    = {1961},
 month   = {September},
 volume  = {16},
 pages   = {1--27}}
% -----------------------------------
@Article{Medeiros:2014,
 author  = {Fabio Mascarenhas and S\´{e}rgio Medeiros and Roberto Ierusalimschy},
 title   = {On the Relation between Context-Free Grammars and
           {P}arsing {E}xpression {G}rammars},
 journal = {Science of Computer Programming},
 volume  = {89},
 pages   = {235--250},
 year    = {2014}}
% -----------------------------------
@article{Medeiros:2014:LR,
  author  = {Medeiros, S{\'e}rgio and Mascarenhas, Fabio and Ierusalimschy, Roberto},
  title   = {Left Recursion in {P}arsing {E}xpression {G}rammars},
  journal = {Science of Computer Programming},
  volume  = {96},
  pages   = {177--190},
  year    = {2014}}
% -----------------------------------
@Misc{PEG,
 author  = {Bryan Ford},
 title   = {The Packrat Parsing and {P}arsing {E}xpression {G}rammars Page},
 howpublished = {\newline\url{http://bford.info/packrat}},
 note    = {Accessed 2015-07-15}}
% -----------------------------------
@Article{Redz:2007:FI,
 author  = {Roman R. Redziejowski},
 title   = {{P}arsing {E}xpression {G}rammar 
            as a Primitive Recursive-Descent Parser with Backtracking},
 journal = {Fundamenta Informaticae},
 volume  = {79},
 number  = {3--4},
 year    = {2007},
 pages   = {513--524},
 note    = {\newline\url{http://www.romanredz.se/papers/FI2007.pdf}}}
% -----------------------------------
@Article{Redz:2008:FI,
 author  = {Roman R. Redziejowski},
 title   = {Some aspects of {P}arsing {E}xpression {G}rammar},
 journal = {Fundamenta Informaticae},
 volume  = {85},
 number  = {1--4},
 year    = {2008},
 pages   = {441--454}}
% -----------------------------------
@article{Redz:2014:FI,
 author    = {Roman R. Redziejowski},
 title     = {More about converting {BNF} to {PEG}},
 journal   = {Fundamenta Informaticae},
 volume    = {133},
 year      = {2014},
 number    = {2-3},
 pages     = {257--270},
 note      = {\url{http://www.romanredz.se/papers/FI2014.pdf}}}
% -----------------------------------
@techreport{Tratt:2010,
  author    = {Laurence Tratt},
  title     = {Direct left-recursive parsing expression grammars},
  institution = {School of Engineering and Information Sciences, Middlesex University},
  number    = {EIS-10-01},
  month     = Oct,
  year      = {2010}}
% -----------------------------------
@inproceedings{Warth:2008,
  author    = {Alessandro Warth and
               James R. Douglass and
               Todd D. Millstein},
  title     = {Packrat parsers can support left recursion},
  booktitle = {Proceedings of the 2008 {ACM} {SIGPLAN} Symposium on Partial Evaluation
               and Semantics-based Program Manipulation, {PEPM} 2008, San Francisco,
               California, USA, January 7-8, 2008},
  pages     = {103--110},
  year      = {2008}}
% -----------------------------------
@Misc{Wiki:PEG,
 author  = {Wikipedia},
 title   = {Parsing Expression Grammar},
 howpublished = {\newline\url{http://en.wikipedia.org/wiki/Parsing_expression_grammar}},
 note    = {Accessed 2015-07-15}}
% -----------------------------------
@Misc{Wiki:Rats,
 author  = {Wikipedia},
 title   = {Comparison of parser generators},
 howpublished = {\newline\url{https://en.wikipedia.org/wiki/Comparison_of_parser_generators}},
 note    = {Accessed 2015-07-15}}
% -----------------------------------
